1998 2946
181 116 188 127 ’
263 118 382 218 creo
419 161 604 225 cneco.
770 161 825 221 aot
907 246 911 251 ι

27 256 89 321 utici
100 265 172 322 effici
190 254 232 320 sit
239 266 340 321 inutile
351 268 396 321 rel
408 268 433 322 el
437 305 445 333 ,
467 269 513 320 cni
524 266 691 337 promissum
707 266 759 331 sit,
779 266 826 322 rel

26 339 55 401 si,
63 338 109 407 qui
118 338 289 407 promiserit.
311 338 314 341 ’
325 337 406 402 Nam,
417 339 451 402 si,
461 340 531 390 utin
541 338 647 391 fabulis
659 343 710 401 est,
720 338 826 406 Neptu·

26 423 77 471 nus,
91 409 164 476 quod
177 408 290 461 Theseo
301 410 478 477 promiserat,
493 425 549 461 non
560 409 684 472 iecisset,
696 405 827 461 Theseus

27 477 79 530 fillo
89 479 251 546 Hippolyto
267 494 322 530 non
334 484 411 539 esset
427 482 551 535 orbatus.
588 480 632 532 Ex
647 476 738 533 tribus
750 479 827 530 enim

28 549 133 614 optetis,
144 555 176 599 ut
188 548 331 612 scribitur,
343 547 468 602 hocerat
483 548 607 612 tertium,
626 546 701 616 quod
711 549 746 603 de
756 549 827 616 Hip·

27 617 111 685 polyti
121 620 238 670 interitu
248 619 337 670 iratos
349 620 469 686 optarit:
491 636 545 688 quo
556 620 717 687 impetrato,
732 620 761 670 in
771 634 835 671 ma*

25 689 110 751 rimus
120 688 214 739 luctus
224 688 331 741 incidit.
368 690 576 761 Necpromissa
593 690 680 757 igitur
689 688 827 742 servanda
908 719 912 724 ·

26 764 85 809 sunt
99 773 144 820 ea,
164 772 235 825 quae
251 759 307 811 sint
319 758 367 822 iis,
388 759 487 828 quibus
505 758 681 826 promiseris,
700 759 828 813 inutilia:

26 841 82 889 nee,
100 829 124 878 si
134 828 196 895 plus
207 827 259 879 tibi
272 835 399 892 noceant,
420 845 503 897 quam
515 829 558 881 illi
568 828 691 896 prosint,
709 829 753 879 cui
763 843 827 896 pro·

28 896 136 960 biberis,
153 902 254 950 contra
264 897 383 951 officium
394 905 446 961 est,
466 901 554 952 maius
565 898 698 967 anteponi
710 897 826 951 minori:
868 926 873 931 ·

28 972 57 1017 ot
75 967 99 1018 si
118 968 309 1032 constitueris,
338 975 369 1020 te
389 970 509 1037 cuipiam
530 968 698 1022 advocatum
716 968 747 1020 in
766 980 827 1022 rem

29 1034 193 1101 praesentem
209 1053 271 1090 esse
291 1045 452 1103 venturum,
474 1047 558 1107 atque
574 1039 686 1092 interim
703 1039 827 1106 graviter

10 1108 18 1117 '
29 1112 168 1173 aegrotare
179 1107 255 1158 iilius
266 1110 460 1177 coeperitnon
473 1110 509 1162 sit
523 1117 620 1162 contra
632 1108 827 1170 officium,non

29 1174 120 1240 iacere,
136 1177 210 1246 quod
222 1177 341 1231 dixeris:
366 1180 512 1249 magisque
522 1172 580 1243 ille,
602 1180 646 1231 cui
659 1179 827 1247 promissum
866 1234 871 1245 ,

29 1245 74 1311 rit,
93 1247 126 1306 sb
142 1247 235 1300 officio
252 1247 391 1312 discedat,
414 1251 438 1301 si
454 1266 485 1303 so
502 1250 668 1311 destitutum
685 1254 827 1319 queratur.

30 1314 80 1371 lan
93 1317 151 1369 illis
168 1319 315 1385 promissis
331 1319 462 1371 standum
479 1336 534 1373 noo
550 1334 624 1382 esse,
645 1319 708 1387 quis
723 1334 777 1370 non
788 1319 828 1369 ri·

31 1383 83 1449 det,
103 1403 173 1455 quae
195 1395 309 1440 coactos
325 1390 388 1456 quis
404 1386 493 1453 metu,
515 1405 586 1458 quse
603 1389 735 1457 deceptus
758 1385 827 1442 dolo

31 1456 196 1519 promiseriti
232 1457 276 1510 3³.
300 1457 378 1520 Quae
396 1461 506 1526 quidem
523 1460 656 1528 pleraque
671 1458 732 1511 iure
743 1456 827 1514 Prae·

31 1522 95 1578 torio
104 1524 272 1591 liberantur3
296 1530 429 1583 nonnulla
446 1530 563 1598 legibus.

65 1594 217 1650 'Exsistunt
229 1599 314 1650 etiem
325 1615 408 1666 saepe
418 1600 538 1652 iniuriae
549 1597 687 1652 calumnia
698 1596 827 1666 quadam,

33 1664 139 1720 etnlmis
152 1668 270 1731 callida,
292 1668 341 1722 sed
350 1668 492 1723 malitiosa
503 1672 573 1722 iuris
583 1669 825 1737 interpretatione.

33 1730 69 1789 lix
79 1750 131 1804 quo
149 1739 234 1792 illud:
257 1755 387 1792 sitnrmom
399 1740 443 1792 iiis
458 1756 561 1793 summa
575 1739 694 1802 iniuria,
717 1738 826 1793 factum

33 1804 131 1861 eriam
142 1808 240 1863 tritum
251 1825 379 1862 sermone
390 1802 576 1877 proverbium.
607 1810 669 1873 Quo
680 1811 708 1861 io
721 1823 824 1878 genere

33 1872 153 1931 eiiamin
173 1878 318 1945 republica
340 1881 430 1931 multa
449 1887 614 1946 peccantum
637 1885 668 1933 ut
684 1879 746 1941 ille,
768 1877 825 1945 qui,

33 1957 104 2011 quom
112 1948 230 2017 triginta
242 1948 347 2001 dierum
359 1956 452 2003 essent
467 1966 527 2002 cum
547 1950 625 2003 boste
636 1954 735 2017 pactae
746 1946 825 1998 indu·

32 2013 93 2091 tiae,
111 2026 198 2071 noctu
209 2019 398 2086 populabatur
409 2036 505 2089 agros,
527 2021 600 2088 quod
612 2019 719 2072 dierum
732 2020 826 2082 esseni

31 2093 128 2152 patim,
148 2105 206 2141 non
221 2089 344 2145 noctium
366 2090 505 2144 induciae.
541 2090 583 2142 No
600 2094 696 2142 noster
711 2087 826 2156 quidem·

31 2156 184 2221 probandus,
197 2160 221 2211 si
233 2173 329 2211 rerum
340 2160 438 2223 est,Q.
451 2160 568 2214 Fabium
580 2156 750 2220 Labeonem,
773 2169 824 2219 seu
853 2170 859 2187 ι

12 2236 13 2247 ’
32 2236 100 2293 ptem
113 2229 200 2295 ulium
217 2227 302 2292 (nibil
315 2228 388 2282 e'nim
400 2239 513 2297 praeter
526 2229 649 2281 auditum
661 2226 767 2291 habeo)
778 2240 823 2278 ar·

31 2290 121 2357 blitum
131 2292 251 2353 Nolanis
269 2310 298 2352 et
310 2300 506 2367 Neapolitanis
518 2299 557 2351 de
574 2298 674 2351 finibus
690 2314 708 2350 a
718 2295 824 2349 Senatu

31 2360 122 2431 torn,
139 2379 223 2437 quum
236 2369 271 2422 ad
283 2371 374 2423 locum
387 2371 516 2433 venisset,
535 2384 596 2421 eum
609 2368 734 2444 utrisque
746 2381 825 2437 sepa·
872 2424 877 2427 A

20 2432 248 2517 'hiiplpeutnm
268 2448 300 2492 nt
312 2457 347 2493 ne
359 2438 458 2507 cupide
471 2439 537 2507 quid
550 2443 673 2506 agerent,
695 2452 730 2489 ne
742 2450 826 2506 appe·
845 2478 865 2489 γ,

32 2502 121 2581 itm,
130 2508 215 2577 stirne
227 2510 389 2579 utregredi,
400 2510 482 2581 quom
494 2508 627 2577 progredi
638 2506 762 2558 mallent.
791 2498 825 2584 ld

33 2582 102 2643 ltu
117 2581 230 2648 utrique
247 2580 392 2641 iecissent,
414 2579 588 2644 aliquantum
605 2575 666 2640 agri
685 2576 712 2625 in
729 2572 827 2637 medrfl

33 2642 147 2707 rebeum
158 2656 211 2705 est.
247 2649 469 2718 ltaqueillorum
487 2649 568 2707 lines,
589 2640 662 2701 sieut
676 2641 730 2709 ipsi
747 2639 825 2689 dixe·

33 2720 96 2838 ittet,
113 2720 291 2773 terminarit:
313 2710 447 2772 inmedio
459 2714 587 2833 relictui}
597 2707 670 2775 quod
682 2711 752 2768 trab
773 2715 823 2770 9⁰·

80 2789 233 2846 reor-lx.
367 2824 370 2829 -
596 2792 615 2830 ὃ
